<record><leader>00000cas a22000007a 4500</leader><controlfield tag="001">9872551</controlfield><controlfield tag="008">830902d19771984ctudn ne      0   a0eng d</controlfield><datafield ind1=" " ind2=" " tag="010"><subfield code="a">sn 83008777 </subfield></datafield><datafield ind1=" " ind2=" " tag="040"><subfield code="a">NSD</subfield><subfield code="b">eng</subfield><subfield code="c">NSD</subfield><subfield code="d">CNW</subfield><subfield code="d">OCL</subfield><subfield code="d">OCLCQ</subfield><subfield code="d">OCLCF</subfield><subfield code="d">OCLCO</subfield></datafield><datafield ind1=" " ind2=" " tag="012"><subfield code="m">d</subfield></datafield><datafield ind1="1" ind2=" " tag="022"><subfield code="a">0746-2239</subfield><subfield code="l">0746-2239</subfield><subfield code="2">1</subfield></datafield><datafield ind1="1" ind2=" " tag="029"><subfield code="a">AU@</subfield><subfield code="b">000025811949</subfield></datafield><datafield ind1=" " ind2=" " tag="032"><subfield code="a">702110</subfield><subfield code="b">USPS</subfield></datafield><datafield ind1=" " ind2=" " tag="042"><subfield code="a">nsdp</subfield><subfield code="a">msc</subfield></datafield><datafield ind1="0" ind2=" " tag="130"><subfield code="a">Valley press (Bristol, Conn.)</subfield></datafield><datafield ind1=" " ind2="0" tag="222"><subfield code="a">Valley press</subfield></datafield><datafield ind1="0" ind2="0" tag="245"><subfield code="a">Valley press.</subfield></datafield><datafield ind1="1" ind2="7" tag="246"><subfield code="a">Bristol press/Valley press</subfield><subfield code="f">Mar. 16, 1981-1984</subfield></datafield><datafield ind1=" " ind2=" " tag="260"><subfield code="a">Bristol, Conn. :</subfield><subfield code="b">Bristol Press Pub.</subfield></datafield><datafield ind1=" " ind2=" " tag="300"><subfield code="a">v.</subfield></datafield><datafield ind1=" " ind2=" " tag="310"><subfield code="a">Daily (except Sundays and certain holidays)</subfield></datafield><datafield ind1="0" ind2=" " tag="362"><subfield code="a">Vol. 107, no. 25 (Jan. 31, 1977)-v. 114, no. 47 (Feb. 25, 1984).</subfield></datafield><datafield ind1=" " ind2=" " tag="530"><subfield code="a">Issues for 1977-Aug. 25, 1979 available on microfilm from UMI. Issues for Sept. 1, 1979-1984 on film with: Bristol press, from UMI.</subfield></datafield><datafield ind1=" " ind2=" " tag="580"><subfield code="a">"Farmington Valley edition of the Bristol press."</subfield></datafield><datafield ind1=" " ind2="0" tag="651"><subfield code="a">Avon (Conn.)</subfield><subfield code="v">Newspapers.</subfield></datafield><datafield ind1=" " ind2="0" tag="651"><subfield code="a">Bristol (Conn.)</subfield><subfield code="v">Newspapers.</subfield></datafield><datafield ind1=" " ind2="0" tag="651"><subfield code="a">Canton (Conn. : Town)</subfield><subfield code="v">Newspapers.</subfield></datafield><datafield ind1=" " ind2="0" tag="651"><subfield code="a">East Granby (Conn.)</subfield><subfield code="v">Newspapers.</subfield></datafield><datafield ind1=" " ind2="0" tag="651"><subfield code="a">Farmington (Conn.)</subfield><subfield code="v">Newspapers.</subfield></datafield><datafield ind1=" " ind2="0" tag="651"><subfield code="a">Granby (Conn.)</subfield><subfield code="v">Newspapers.</subfield></datafield><datafield ind1=" " ind2="0" tag="651"><subfield code="a">Simsbury (Conn.)</subfield><subfield code="v">Newspapers.</subfield></datafield><datafield ind1=" " ind2="7" tag="655"><subfield code="a">Newspapers.</subfield><subfield code="2">fast</subfield><subfield code="0">(OCoLC)fst01423814</subfield></datafield><datafield ind1=" " ind2="7" tag="651"><subfield code="a">Connecticut</subfield><subfield code="z">Avon.</subfield><subfield code="2">fast</subfield><subfield code="0">(OCoLC)fst01260726</subfield></datafield><datafield ind1=" " ind2="7" tag="651"><subfield code="a">Connecticut</subfield><subfield code="z">Bristol.</subfield><subfield code="2">fast</subfield><subfield code="0">(OCoLC)fst01206697</subfield></datafield><datafield ind1=" " ind2="7" tag="651"><subfield code="a">Connecticut</subfield><subfield code="z">Canton (Town)</subfield><subfield code="2">fast</subfield><subfield code="0">(OCoLC)fst01332744</subfield></datafield><datafield ind1=" " ind2="7" tag="651"><subfield code="a">Connecticut</subfield><subfield code="z">East Granby.</subfield><subfield code="2">fast</subfield><subfield code="0">(OCoLC)fst01223192</subfield></datafield><datafield ind1=" " ind2="7" tag="651"><subfield code="a">Connecticut</subfield><subfield code="z">Farmington.</subfield><subfield code="2">fast</subfield><subfield code="0">(OCoLC)fst01212105</subfield></datafield><datafield ind1=" " ind2="7" tag="651"><subfield code="a">Connecticut</subfield><subfield code="z">Granby.</subfield><subfield code="2">fast</subfield><subfield code="0">(OCoLC)fst01301942</subfield></datafield><datafield ind1=" " ind2="7" tag="651"><subfield code="a">Connecticut</subfield><subfield code="z">Simsbury.</subfield><subfield code="2">fast</subfield><subfield code="0">(OCoLC)fst01223182</subfield></datafield><datafield ind1=" " ind2=" " tag="752"><subfield code="a">United States</subfield><subfield code="b">Connecticut</subfield><subfield code="c">Hartford</subfield><subfield code="d">Bristol.</subfield></datafield><datafield ind1="1" ind2=" " tag="775"><subfield code="t">Bristol press (Bristol, Conn. : 1890)</subfield><subfield code="w">(DLC)sn 84022385</subfield><subfield code="w">(OCoLC)10384434</subfield></datafield><datafield ind1="0" ind2="0" tag="785"><subfield code="t">Bristol/Valley press</subfield><subfield code="x">0747-1033</subfield><subfield code="w">(DLC)sn 84007794</subfield><subfield code="w">(OCoLC)10547081</subfield></datafield></record>